@ARTICLE{8268735,  author={Zhou, Baojun and Li, Jie and Wang, Xiaoyan and Gu, Yu and Xu, Li and Hu, Yongqiang and Zhu, Lihua},  journal={Big Data Mining and Analytics},   title={Online Internet traffic monitoring system using spark streaming},   year={2018},  volume={1},  number={1},  pages={47-56},  doi={10.26599/BDMA.2018.9020005}}