@misc{turismo_espana,
    author={Datosmacro},
    title = {España - Turismo internacional},
    howpublished = {\url{https://datosmacro.expansion.com/comercio/turismo-internacional/espana}},
    note = {Accedido: 2022-07-01}
}
@article{psicoemocionat,
    author={Reyes},
    title={6 diferencias entre emociones y sentimientos},
    year={2017},
    month={3},
    journal={Psicoemocionat},
    url={https://www.psicoemocionat.com/6-diferencias-entre-emociones-y-sentimientos/}
}
@article{psicoonline,
    author={Glover},
    title={Diferencia entre emoción y sentimiento en psicología},
    year={2021},
    month={6},
    journal={Psicología-Online},
    url={https://www.psicologia-online.com/diferencia-entre-emocion-y-sentimiento-en-psicologia-3942.html}
}
@article{analyticssteps,
    author={Yamini},
    title={Emotion and Sentiment Analysis: What are the differences?},
    year={2022},
    month={1},
    journal={Analytic Steps},
    url={https://www.analyticssteps.com/blogs/emotion-and-sentiment-analysis-what-are-differences}
}
@article{bbva_comp_afec,
    author={Banafa},
    title={¿Qué es la computación afectiva?},
    year={2016},
    month={6},
    journal={BBVA Open Mind},
    url={https://www.bbvaopenmind.com/tecnologia/mundo-digital/que-es-la-computacion-afectiva/}
}
@article{ontsi_redes_sociales,
    author={Urueña and Ferrari and Blanco and Valdecasa},
    title={Las Redes Sociales en Internet},
    year={2011},
    month={12},
    pages={12-13},
    journal={ONTSI},
    url={https://www.ontsi.es//sites/ontsi/files/redes_sociales-documento_0.pdf}
}
@article{insight_cv,
    author={Ajgaonkar and Seier},
    title={The Value of Computer Vision: More Than Meets the Eye},
    year={2021},
    month={3},
    journal={Insight},
    url={https://www.insight.com/en_US/content-and-resources/tech-journal/spring-2021/the-value-of-computer-vision--more-than-meets-the-eye.html}
}
@article{google_cloud,
    author={googlecloud},
    title={Prueba Gratuita Y Nivel Gratuito},
    year={2022},
    month={6},
    journal={Google},
    url={https://cloud.google.com/free?hl=es}
}
@article{api_google_vision,
    author={googleapis},
    title={Ethics in action: removing gender labels from Cloud's Vision API},
    year={2022},
    month={6},
    journal={Google APIs},
    url={https://googleapis.dev/python/vision/latest/index.html}
}
@article{archive_google_gender,
    author={Tracy Frey},
    title={Ethics in action: removing gender labels from Cloud's Vision API},
    year={2020},
    month={9},
    journal={Diversity Google},
    url={https://web.archive.org/web/20200902214144/https://diversity.google/story/ethics-in-action-removing-gender-labels-from-clouds-vision-api/}
}
@inproceedings{recom_metodo_tutor,
    author={Sobrín and Campazas and Guerrero and Rodríguez and Fernández},
    booktitle={13th International Conference on Computational Intelligence in Security for Information Systems},
    title={Systematic Mapping of Detection Techniques for Advanced Persistent Threats},
    year={2020},
    volume={1267},
    number={},
    pages={426-435},
    doi={10.1007/978-3-030-57805-3}
}
@inproceedings{8720960,
    author={Rosanensi, Melati and Madani, Miftahul and Wanggono, Rizki Tri Puji and Setyanto, Arief and Selameto, Andhika Agus and Wahyuni, Sri Ngudi},
    booktitle={2018 3rd International Conference on Information Technology, Information System and Electrical Engineering (ICITISEE)},
    title={Analysis Sentiment And Tourist Response To Rinjani Mountain Tour Based On Comments From Photo Upload In Instagram},
    year={2018},
    volume={},
    number={},
    pages={184-188},
    doi={10.1109/ICITISEE.2018.8720960}
}
@article{techniques_media_based_recom,
    author = {Munuswamy, Selvi and M S, Saranya and Ganapathy, Satish and Sannasy, Muthurajkumar and Arputharaj, Kannan},
    year = {2020},
    month = {07},
    pages = {},
    title = {Sentiment Analysis Techniques for Social Media-Based Recommendation Systems},
    volume = {44},
    journal = {National Academy Science Letters},
    doi = {10.1007/s40009-020-01007-w}
}
@article{recom_sys_sen_analysis,
    author = {An, Hyeon-woo and Kim, Jinah},
    year = {2022},
    month = {03},
    pages = {},
    title = {Design of recommendation system for tourist spot using sentiment analysis based on CNN-LSTM},
    volume = {13},
    journal = {Journal of Ambient Intelligence and Humanized Computing},
    doi = {10.1007/s12652-019-01521-w}
}
@article{amazon_s3,
    author = {AWS},
    year = {2022},
    month = {06},
    pages = {},
    title = {Características de Amazon S3},
    journal = {https://aws.amazon.com/es/s3/features/}
}
@article{ec2_instances,
    author = {AWS},
    year = {2022},
    month = {06},
    pages = {},
    title = {Tipos de instancias de Amazon EC2},
    journal = {https://aws.amazon.com/es/ec2/instance-types/}
}
@article{amazon_dynamodb,
    author = {DeCandia, Giuseppe and Hastorun, Deniz and Jampani, Madan and Kakulapati, Gunavardhan and Lakshman, Avinash and Pilchin, Alex and Sivasubramanian, Swaminathan and Vosshall, Peter and Vogels, Werner},
    year = {2007},
    month = {10},
    pages = {205–220},
    title = {Dynamo: Amazon's Highly Available Key-Value Store},
    volume = {41},
    number = {6},
    url = {https://doi.org/10.1145/1323293.1294281},
    doi = {10.1145/1323293.1294281},
    journal = {SIGOPS Oper. Syst. Rev.}
}
@article{aws_lambda,
    author = {AWS},
    year = {2022},
    month = {06},
    pages = {},
    title = {Características de AWS Lambda},
    journal = {https://aws.amazon.com/es/lambda/features/}
}
@article{aws_apigateway,
    author = {AWS},
    year = {2022},
    month = {06},
    pages = {},
    title = {Características de Amazon API Gateway},
    journal = {https://aws.amazon.com/es/api-gateway/features/}
}
@article{wiki_grafana,
    author = {Wikipedia},
    year = {2022},
    month = {06},
    pages = {},
    title = {Grafana},
    journal = {https://en.wikipedia.org/wiki/Grafana}
}
@article{github_grafana,
    author = {Grafana},
    year = {2022},
    month = {06},
    pages = {},
    title = {Grafana},
    journal = {https://github.com/grafana/grafana}
}
@article{sent_analysis_facebook_user_recom,
    author = {Rastogi, S. and Singhal, Rohit and Kumar, Rajeev},
    year = {2014},
    month = {02},
    pages = {},
    title = {A Sentiment Analysis based Approach to Facebook User Recommendation},
    volume = {90},
    journal = {International Journal of Computer Applications},
    doi = {10.5120/15805-4670}
}
@article{pers_tweet_recomendation,
    author = {Khan and Khattak and Batool and Satti and Hussain and Khan and Khan and Hayat},
    year = {2020},
    month = {12},
    pages = {},
    title = {Tweets Classification and Sentiment Analysis for Personalized Tweets Recommendation},
    volume = {2020},
    journal = {Complexity},
    doi = {10.1155/2020/8892552}
}
@article{8796367,
    author = {Shao, Xi and Tang, Guijin and Bao, Bing-Kun},
    journal = {IEEE Access},
    title = {Personalized Travel Recommendation Based on Sentiment-Aware Multimodal Topic Model},
    year = {2019},
    volume = {7},
    number = {},
    pages = {113043-113052},
    doi = {10.1109/ACCESS.2019.2935155}
}
@article{recom_mech_under_emph,
    author = {Shafqat and Byun},
    year = {2019},
    month = {12},
    pages = {320},
    title = {A Recommendation Mechanism for Under-Emphasized Tourist Spots Using Topic Modeling and Sentiment Analysis},
    volume = {12},
    journal = {Sustainability},
    doi = {10.3390/su12010320}
}
@article{tourism_dest_rec_geolocation,
    author = {Paolanti and Mancini and Frontoni and Felicetti and Marinelli and Marcheggiani and Pierdicca},
    year = {2021},
    month = {06},
    pages = {},
    title = {Tourism destination management using sentiment analysis and geo-location information: a deep learning approach},
    journal={Information Technology and Tourism},
    doi = {10.1007/s40558-021-00196-4}
}
@article{su13116015,
    author = {Borrajo-Millán, Fernando and Alonso-Almeida, María-del-Mar and Escat-Cortes, María and Yi, Liu},
    title = {Sentiment Analysis to Measure Quality and Build Sustainability in Tourism Destinations},
    journal = {Sustainability},
    volume = {13},
    year = {2021},
    number = {11},
    article-number = {6015},
    doi = {10.3390/su13116015}
}
